@Article{CTA_Introduction,
  Title                    = {{Introducing the CTA concept}},
  Author                   = {Acharya, B S and Actis, M and Aghajani, T and Agnetta, G and Aguilar, J and Aharonian, F and Ajello, Marco and Akhperjanian, A and Alcubierre, M and Aleksi{\'c}, J and others},
  Journal                  = {Astroparticle Physics},
  Year                     = {2013},
  Pages                    = {3--18},
  Volume                   = {43},

  Owner                    = {sebastian},
  Timestamp                = {2016.04.14}
}

@Article{FACT_design,
  Title                    = {{Design and operation of FACT -- the First G-APD Cherenkov Telescope}},
  Author                   = {Anderhub, H and Backes, M and Biland, A and Boccone, Vittorio and Braun, I and Bretz, T and Bu{\ss}, J and Cadoux, Franck and Commichau, V and Djambazov, L and others},
  Journal                  = {Journal of Instrumentation},
  Year                     = {2013},
  Number                   = {06},
  Pages                    = {P06008},
  Volume                   = {8},

  Publisher                = {IOP Publishing}
}

@Article{CTA_Monte_Carlo_study_2013,
  Title                    = {{Monte Carlo design studies for the Cherenkov Telescope Array}},
  Author                   = {Bernl{\"o}hr, K and Barnacka, A and Becherini, Yvonne and Bigas, O Blanch and Carmona, E and Colin, P and Decerprit, G and Di Pierro, F and Dubois, F and Farnier, Christian and others},
  Journal                  = {Astroparticle Physics},
  Year                     = {2013},
  Pages                    = {171--188},
  Volume                   = {43},

  Publisher                = {Elsevier}
}

@Article{Davies_Cotton_1957,
  Title                    = {{Design of the Quartermaster Solar Furnace}},
  Author                   = {Davies, John M and Cotton, Eugene S},
  Journal                  = {Solar Energy},
  Year                     = {1957},
  Number                   = {2},
  Pages                    = {16--22},
  Volume                   = {1},

  Publisher                = {Elsevier}
}

@InProceedings{ICRC2014_fact_crab_spectrum,
  Title                    = {{FACT -- First Energy Spectrum from a SiPM Cherenkov Telescope}},
  Author                   = {F.Temme and others},
  Booktitle                = {Proceedings of the 34th ICRC},
  Year                     = {2015},
  Volume                   = {707}
}

@Article{HEGRA_status_and_results_1998,
  Title                    = {{Status and Results from the HEGRA Air Shower Experiment}},
  Author                   = {Fonseca, V},
  Journal                  = {Astrophysics and space science},
  Year                     = {1998},
  Number                   = {1-4},
  Pages                    = {377--380},
  Volume                   = {263},

  Owner                    = {sebastian},
  Timestamp                = {2016.04.14}
}

@Book{Computer_Vision_Book_Forsyth_Ponce,
  Title                    = {{Computer Vision -- A Modern Approach}},
  Author                   = {David A. Forsyth and Jean Ponce},
  Publisher                = {Pearson Education Inc., New Jersey U.S.A.},
  Year                     = {2003}
}

@Article{CANGAROO1_optics,
  Title                    = {{A 3.8 m imaging Cherenkov telescope for the TeV gamma-ray astronomy collaboration between Japan and Australia}},
  Author                   = {Hara, T and Kifune, T and Matsubara, Y and Mizumoto, Y and Muraki, Y and Ogio, S and Suda, T and Tanimori, T and Teshima, M and Yoshikoshi, T and others},
  Journal                  = {Nucl. Instrum. Meth. A},
  Year                     = {1993},
  Number                   = {1},
  Pages                    = {300--309},
  Volume                   = {332},

  Publisher                = {Elsevier}
}

@InProceedings{FACT_Muon_calibration_ICRC2015,
  Title                    = {{FACT -- Calibration of Imaging Atmospheric
Cherenkov Telescopes with Muon Rings}},
  Author                   = {M. Noethe and others},
  Booktitle                = {Proceedings of the 34th ICRC},
  Year                     = {2015},
  Volume                   = {733},

  Owner                    = {sebastian},
  Timestamp                = {2016.04.07}
}

@Book{3D_Computer_Vision_Woehler_2012,
  Title                    = {{3D Computer Vision: Efficient Methods and Applications}},
  Author                   = {W{\"o}hler, Christian},
  Publisher                = {Springer Science \& Business Media},
  Year                     = {2012},

  Owner                    = {sebastian},
  Timestamp                = {2016.04.05}
}